<record><leader>00000cas a22000007a 4500</leader><controlfield tag="001">18314496</controlfield><controlfield tag="008">880805d19331972nmudn ne      0    0eng d</controlfield><datafield ind1=" " ind2=" " tag="010"><subfield code="a">sn 88084001 </subfield></datafield><datafield ind1=" " ind2=" " tag="040"><subfield code="a">PPM</subfield><subfield code="b">eng</subfield><subfield code="c">PPM</subfield><subfield code="d">NVM</subfield><subfield code="d">OCLCQ</subfield></datafield><datafield ind1=" " ind2=" " tag="042"><subfield code="a">msc</subfield></datafield><datafield ind1=" " ind2=" " tag="043"><subfield code="a">n-us-nm</subfield></datafield><datafield ind1="0" ind2=" " tag="130"><subfield code="a">Tucumcari daily news (Tucumcari, N.M. : 1933)</subfield></datafield><datafield ind1="1" ind2="0" tag="245"><subfield code="a">Tucumcari daily news.</subfield></datafield><datafield ind1=" " ind2=" " tag="260"><subfield code="a">Tucumcari, N.M. :</subfield><subfield code="b">Paul Dodge</subfield></datafield><datafield ind1=" " ind2=" " tag="300"><subfield code="a">v.</subfield></datafield><datafield ind1=" " ind2=" " tag="310"><subfield code="a">Daily (except Saturday and Sunday)</subfield></datafield><datafield ind1="0" ind2=" " tag="362"><subfield code="a">Vol. 32, no. 88 (Jan. 16, 1933)-v. 69, no. 196 (June 30, 1972).</subfield></datafield><datafield ind1=" " ind2=" " tag="530"><subfield code="a">Also on microfilm: El Paso, Tex. : Southwest Micropublishing, Inc.</subfield></datafield><datafield ind1=" " ind2=" " tag="580"><subfield code="a">Weekly ed: Weekly review (Tucumcari, N.M.), Mar. 5, 1964-Aug. 25, 1965.</subfield></datafield><datafield ind1=" " ind2=" " tag="752"><subfield code="a">United States</subfield><subfield code="b">New Mexico</subfield><subfield code="c">Quay</subfield><subfield code="d">Tucumcari.</subfield></datafield><datafield ind1="0" ind2=" " tag="775"><subfield code="t">Weekly review (Tucumcari, N.M.)</subfield><subfield code="w">(DLC)sn 93061715</subfield></datafield><datafield ind1="0" ind2="0" tag="780"><subfield code="t">Tucumcari news (Tucumcari, N.M. : 1922)</subfield><subfield code="w">(DLC)sn 93061714</subfield></datafield><datafield ind1="0" ind2="0" tag="785"><subfield code="t">Tucumcari news (Tucumcari, N.M. : 1972)</subfield><subfield code="w">(DLC)sn 93061716</subfield></datafield></record>